@inproceedings{siamese,
  title={Siamese neural networks for one-shot image recognition},
  author={Koch, Gregory and Zemel, Richard and Salakhutdinov, Ruslan},
  booktitle={ICML Deep Learning Workshop},
  year={2015},
  annotate={Foobar},
}

@inproceedings{rightfact,
title={Finding the right facts in the crowd: factoid question answering over social media},
author={Bian, Jiang and Liu, Yandong and Agichtein, Eugene and Zha, Hongyuan},
booktitle={ICWWW},
year={2008},
annotate={Fizzbuzz},
}
